
<record>
  <controlfield tag="001">342978</controlfield>
  <datafield tag="035" ind1=" " ind2=" ">
    <subfield code="a">Acosta:1992nj</subfield>
    <subfield code="9">SPIRESTeX</subfield>
  </datafield>
  <datafield tag="037" ind1=" " ind2=" ">
    <subfield code="a">PRINT-93-0159 (CLEO)</subfield>
  </datafield>
  <datafield tag="245" ind1=" " ind2=" ">
    <subfield code="a">Tests of factorization with hadronic B meson decays</subfield>
  </datafield>
  <datafield tag="710" ind1=" " ind2=" ">
    <subfield code="g">CLEO</subfield>
  </datafield>
</record>